@ARTICLE{friedman98,
    author = {Jerome Friedman and Trevor Hastie and Robert Tibshirani},
    title = {Additive Logistic Regression: a Statistical View of Boosting},
    journal = {Annals of Statistics},
    year = {1998},
    volume = {28},
    pages = {2000}
}

@INPROCEEDINGS{6602035,
author={J. Yuan and A. M. Cheriyadat},
booktitle={2013 Fourth International Conference on Computing for Geospatial Research and Application},
title={Road Segmentation in Aerial Images by Exploiting Road Vector Data},
year={2013},
pages={16-23},
keywords={image resolution;image segmentation;image texture;matrix decomposition;boundary pixels;factorization-based segmentation algorithm;high resolution aerial images;nontexture regions;road segmentation;road vector data;spatial distribution;texture regions;Histograms;Image edge detection;Image resolution;Image segmentation;Remote sensing;Roads;Vectors},
doi={10.1109/COMGEO.2013.4},
month={July},}

@inproceedings{gaetano:inria-00618222,
  TITLE = {{Morphological road segmentation in urban areas from high resolution satellite images}},
  AUTHOR = {Gaetano, Raffaele and Zerubia, Josiane and Scarpa, Giuseppe and Poggi, Giovanni},
  URL = {https://hal.inria.fr/inria-00618222},
  BOOKTITLE = {{International Conference on Digital Signal Processing}},
  ADDRESS = {Corfu, Greece},
  YEAR = {2011},
  PDF = {https://hal.inria.fr/inria-00618222/file/dsp11final.PDF},
  HAL_ID = {inria-00618222},
  HAL_VERSION = {v1},
}

@article{sujatha15_connec_compon_based_techn_autom,
  author =       {Chinnathevar Sujatha and Dharmar Selvathi},
  title =        {Connected Component-Based Technique for Automatic Extraction
                  of Road Centerline in High Resolution Satellite Images},
  journal =      {J Image Video Proc},
  volume =       2015,
  number =       1,
  pages =        8,
  year =         2015,
  doi =          {10.1186/s13640-015-0062-9},
  url =          {http://dx.doi.org/10.1186/s13640-015-0062-9},
  DATE_ADDED =   {Sun Nov 27 10:21:36 2016},
}

@ARTICLE{2016ISPAr41B3..891L,
   author = {{Lv}, Y. and {Wang}, G. and {Hu}, X.},
    title = "{Machine Learning Based Road Detection from High Resolution Imagery}",
  journal = {ISPRS - International Archives of the Photogrammetry, Remote Sensing and Spatial Information Sciences},
     year = 2016,
    month = jun,
    pages = {891-898},
      doi = {10.5194/isprs-archives-XLI-B3-891-2016},
   adsurl = {http://adsabs.harvard.edu/abs/2016ISPAr41B3..891L},
  adsnote = {Provided by the SAO/NASA Astrophysics Data System}
}

@inproceedings{maurya2011road,
  title={Road extraction using k-means clustering and morphological operations},
  author={Maurya, Rohit and Gupta, PR and Shukla, Ajay Shankar},
  booktitle={Image Information Processing (ICIIP), 2011 International Conference on},
  pages={1--6},
  year={2011},
  organization={IEEE}
}
