@article{malarvizhi12,
  title={K-nearest neighbor in missing data imputation},
  author={Malarvizhi, Ms R and Thanamani, Antony Selvadoss},
  journal={International Journal of Engineering Research and Development},
  volume={5},
  number={1},
  pages={5--7},
  year={2012},
  publisher={Citeseer}
}

@ARTICLE{friedman98,
    author = {Jerome Friedman and Trevor Hastie and Robert Tibshirani},
    title = {Additive Logistic Regression: a Statistical View of Boosting},
    journal = {Annals of Statistics},
    year = {1998},
    volume = {28},
    pages = {2000}
}